<record><leader>00000cas a22000007a 4500</leader><controlfield tag="001">21965103</controlfield><controlfield tag="008">900705d19uu1950gauwr ne      0    0eng d</controlfield><datafield ind1=" " ind2=" " tag="010"><subfield code="a">sn 90052282 </subfield></datafield><datafield ind1=" " ind2=" " tag="040"><subfield code="a">NLG</subfield><subfield code="b">eng</subfield><subfield code="c">NLG</subfield><subfield code="d">GUA</subfield><subfield code="d">OCLCQ</subfield><subfield code="d">OCLCF</subfield><subfield code="d">OCLCO</subfield></datafield><datafield ind1="1" ind2=" " tag="029"><subfield code="a">AU@</subfield><subfield code="b">000041189283</subfield></datafield><datafield ind1=" " ind2=" " tag="042"><subfield code="a">msc</subfield></datafield><datafield ind1=" " ind2=" " tag="043"><subfield code="a">n-us-ga</subfield></datafield><datafield ind1="0" ind2=" " tag="130"><subfield code="a">West Point news (West Point, Ga.)</subfield></datafield><datafield ind1="1" ind2="4" tag="245"><subfield code="a">The West Point news.</subfield></datafield><datafield ind1=" " ind2=" " tag="260"><subfield code="a">West Point, Ga. :</subfield><subfield code="b">West Point Pub. Co.</subfield></datafield><datafield ind1=" " ind2=" " tag="300"><subfield code="a">v.</subfield></datafield><datafield ind1=" " ind2=" " tag="310"><subfield code="a">Weekly</subfield></datafield><datafield ind1="1" ind2=" " tag="362"><subfield code="a">Ceased in 1950?</subfield></datafield><datafield ind1=" " ind2=" " tag="530"><subfield code="a">Also on microfilm: Athens, Ga. : University of Georgia Libraries.</subfield></datafield><datafield ind1=" " ind2=" " tag="580"><subfield code="a">Merged with: Chattahoochee Valley times, and Valley tribune (Lanett, Ala.), to form: The Valley daily times-news.</subfield></datafield><datafield ind1=" " ind2=" " tag="588"><subfield code="a">Description based on: Vol. 19, no. 38 (Sept. 21, 1939).</subfield></datafield><datafield ind1=" " ind2="0" tag="651"><subfield code="a">West Point (Ga.)</subfield><subfield code="v">Newspapers.</subfield></datafield><datafield ind1=" " ind2="0" tag="651"><subfield code="a">Troup County (Ga.)</subfield><subfield code="v">Newspapers.</subfield></datafield><datafield ind1=" " ind2="0" tag="651"><subfield code="a">Harris County (Ga.)</subfield><subfield code="v">Newspapers.</subfield></datafield><datafield ind1=" " ind2="7" tag="655"><subfield code="a">Newspapers.</subfield><subfield code="2">fast</subfield><subfield code="0">(OCoLC)fst01423814</subfield></datafield><datafield ind1=" " ind2="7" tag="651"><subfield code="a">Georgia</subfield><subfield code="z">Harris County.</subfield><subfield code="2">fast</subfield><subfield code="0">(OCoLC)fst01204841</subfield></datafield><datafield ind1=" " ind2="7" tag="651"><subfield code="a">Georgia</subfield><subfield code="z">Troup County.</subfield><subfield code="2">fast</subfield><subfield code="0">(OCoLC)fst01215298</subfield></datafield><datafield ind1=" " ind2="7" tag="651"><subfield code="a">Georgia</subfield><subfield code="z">West Point.</subfield><subfield code="2">fast</subfield><subfield code="0">(OCoLC)fst01206355</subfield></datafield><datafield ind1=" " ind2=" " tag="752"><subfield code="a">United States</subfield><subfield code="b">Georgia</subfield><subfield code="c">Troup</subfield><subfield code="d">West Point.</subfield></datafield><datafield ind1=" " ind2=" " tag="752"><subfield code="a">United States</subfield><subfield code="b">Georgia</subfield><subfield code="c">Harris</subfield><subfield code="d">West Point.</subfield></datafield><datafield ind1="0" ind2="0" tag="780"><subfield code="t">West Point-Lanett news</subfield></datafield><datafield ind1="1" ind2="7" tag="785"><subfield code="t">Chattahoochee Valley times</subfield><subfield code="w">(DLC)sn 85044561</subfield><subfield code="w">(OCoLC)12049637</subfield></datafield><datafield ind1="1" ind2="7" tag="785"><subfield code="t">Valley tribune (Lanett, Ala.)</subfield><subfield code="w">(DLC)sn 85044837</subfield><subfield code="w">(OCoLC)12384611</subfield></datafield><datafield ind1="1" ind2="7" tag="785"><subfield code="t">Valley daily times-news</subfield><subfield code="w">(DLC)sn 85044902</subfield><subfield code="w">(OCoLC)12540808</subfield></datafield></record>